<?xml version="1.0" encoding="UTF-8"?><collection xmlns="http://www.loc.gov/MARC21/slim"><record><leader>00594nam--2200181-u-4500</leader><controlfield tag="001">000052554</controlfield><controlfield tag="002">20161230</controlfield><controlfield tag="005">20161230201050</controlfield><controlfield tag="008">100907s1000------------r-----000-0-eng-d</controlfield><datafield ind1=" " ind2=" " tag="020"><subfield code="a">0906085586</subfield></datafield><datafield ind1=" " ind2=" " tag="040"><subfield code="a">IFIN-HH</subfield></datafield><datafield ind1=" " ind2=" " tag="080"><subfield code="a">533.6.08:681.533.2:681.3</subfield></datafield><datafield ind1=" " ind2=" " tag="110"><subfield code="a">BHRA Fluid Engineering</subfield></datafield><datafield ind1="1" ind2="0" tag="245"><subfield code="a">Advances in Flow Measurement Techniques held at Warwick University, Warwick, U.K. September 9-11, 1981</subfield><subfield code="b">Papers Presented at the International Conference</subfield></datafield><datafield ind1=" " ind2=" " tag="260"><subfield code="a">Cranfield</subfield><subfield code="b">BHRA Fluid Engineering</subfield><subfield code="c">1981</subfield></datafield><datafield ind1=" " ind2=" " tag="300"><subfield code="a">354 p</subfield></datafield><datafield ind1=" " ind2=" " tag="852"><subfield code="a">71686</subfield><subfield code="c">533.6</subfield></datafield><datafield ind1=" " ind2=" " tag="CAT"><subfield code="a">Sys</subfield><subfield code="c">20100907</subfield><subfield code="h">150737</subfield></datafield></record></collection>